@article{gebser2015potassco,
  title={Potassco User Guide, version 2.0},
  author={Gebser, Martin and Kaminski, Roland and Kaufmann, Benjamin and Lindauer, Marius and Ostrowski, Max and Romero, Javier and Schaub, Torsten and Thiele, Sven},
  journal={URL: https://sourceforge. net/projects/potassco/files/guide/2.0/guide-2.0. pdf/download},
  year={2015}
}

@inproceedings{kr2020,
  title={{WOLED}: A Tool for Online Learning Weighted Answer Set Rules for Temporal Reasoning Under Uncertainty},
  author={Katzouris, Nikos and
          Artikis, Alexander},
  booktitle = {{KR} 2020},
  year={2020}
}

@book{lifschitz2019answer,
  title={Answer set programming},
  author={Lifschitz, Vladimir},
  year={2019},
  publisher={Springer}
}

@misc {ilasp,
  author = "Law, Mark and Russo, Alessandra and Broda, Krysia",
  title  = "Inductive Learning of Answer Set Programs from Noisy Examples",
  year   = "2018",
  howpublished={Advances in Cognitive Systems}
}

@misc {ILASP_system,
  author = "Law, Mark and Russo, Alessandra and Broda, Krysia",
  title  = "The {ILASP} system for learning Answer Set Programs",
  year   = "2015",
  howpublished={\url{www.ilasp.com}}
}

@article{DBLP:journals/vldb/ArasuBW06,
  author    = {Arvind Arasu and
               Shivnath Babu and
               Jennifer Widom},
  title     = {The {CQL} continuous query language: semantic foundations and query
               execution},
  journal   = {{VLDB} J.},
  volume    = {15},
  number    = {2},
  pages     = {121--142},
  year      = {2006},
  url       = {https://doi.org/10.1007/s00778-004-0147-z},
  doi       = {10.1007/s00778-004-0147-z},
  timestamp = {Wed, 14 Nov 2018 10:27:40 +0100},
  biburl    = {https://dblp.org/rec/bib/journals/vldb/ArasuBW06},
  bibsource = {dblp computer science bibliography, https://dblp.org}
}

@article{DBLP:journals/tplp/TsilionisKNDA19,
  author    = {Efthimis Tsilionis and
               Nikolaos Koutroumanis and
               Panagiotis Nikitopoulos and
               Christos Doulkeridis and
               Alexander Artikis},
  title     = {Online Event Recognition from Moving Vehicles: Application Paper},
  journal   = {Theory Pract. Log. Program.},
  volume    = {19},
  number    = {5-6},
  pages     = {841--856},
  year      = {2019},
  url       = {https://doi.org/10.1017/S147106841900022X},
  doi       = {10.1017/S147106841900022X},
  timestamp = {Thu, 13 Feb 2020 14:39:34 +0100},
  biburl    = {https://dblp.org/rec/journals/tplp/TsilionisKNDA19.bib},
  bibsource = {dblp computer science bibliography, https://dblp.org}
}

@article{patroumpas2017online,
  title={Online event recognition from moving vessel trajectories},
  author={Patroumpas, Kostas and Alevizos, Elias and Artikis, Alexander and Vodas, Marios and Pelekis, Nikos and Theodoridis, Yannis},
  journal={GeoInformatica},
  volume={21},
  number={2},
  pages={389--427},
  year={2017},
  publisher={Springer}
}

@inproceedings{DBLP:conf/debs/CugolaM10,
  author    = {Gianpaolo Cugola and
               Alessandro Margara},
  title     = {{TESLA:} a formally defined event specification language},
  booktitle = {Proceedings of the Fourth {ACM} International Conference on Distributed
               Event-Based Systems, {DEBS} 2010, Cambridge, United Kingdom, July
               12-15, 2010},
  pages     = {50--61},
  year      = {2010},
  crossref  = {DBLP:conf/debs/2010},
  url       = {https://doi.org/10.1145/1827418.1827427},
  doi       = {10.1145/1827418.1827427},
  timestamp = {Tue, 06 Nov 2018 11:07:34 +0100},
  biburl    = {https://dblp.org/rec/bib/conf/debs/CugolaM10},
  bibsource = {dblp computer science bibliography, https://dblp.org}
}

@article{DBLP:journals/datamine/KosinaG15,
  author    = {Petr Kosina and
               Jo{\~{a}}o Gama},
  title     = {Very fast decision rules for classification in data streams},
  journal   = {Data Min. Knowl. Discov.},
  volume    = {29},
  number    = {1},
  pages     = {168--202},
  year      = {2015},
  url       = {https://doi.org/10.1007/s10618-013-0340-z},
  doi       = {10.1007/s10618-013-0340-z},
  timestamp = {Wed, 14 Nov 2018 10:41:43 +0100},
  biburl    = {https://dblp.org/rec/bib/journals/datamine/KosinaG15},
  bibsource = {dblp computer science bibliography, https://dblp.org}
}

@article{DBLP:journals/dss/PaschkeB08,
  author    = {Adrian Paschke and
               Martin Bichler},
  title     = {Knowledge representation concepts for automated {SLA} management},
  journal   = {Decision Support Systems},
  volume    = {46},
  number    = {1},
  pages     = {187--205},
  year      = {2008}
}

@inproceedings{DBLP:conf/pkdd/KosinaG12,
  author    = {Petr Kosina and
               Jo{\~{a}}o Gama},
  title     = {Handling Time Changing Data with Adaptive Very Fast Decision Rules},
  booktitle = {Machine Learning and Knowledge Discovery in Databases - European Conference,
               {ECML} {PKDD} 2012, Bristol, UK, September 24-28, 2012. Proceedings,
               Part {I}},
  pages     = {827--842},
  year      = {2012},
  crossref  = {DBLP:conf/pkdd/2012-1},
  url       = {https://doi.org/10.1007/978-3-642-33460-3\_58},
  doi       = {10.1007/978-3-642-33460-3\_58},
  timestamp = {Sat, 24 Nov 2018 11:59:35 +0100},
  biburl    = {https://dblp.org/rec/bib/conf/pkdd/KosinaG12},
  bibsource = {dblp computer science bibliography, https://dblp.org}
}

@article{george2016miner,
  title={IL-miner: instance-level discovery of complex event patterns},
  author={George, Lars and Cadonna, Bruno and Weidlich, Matthias},
  journal={Proceedings of the VLDB Endowment},
  volume={10},
  number={1},
  pages={25--36},
  year={2016},
  publisher={VLDB Endowment}
}

@article{DBLP:journals/ml/Quinlan90,
  author    = {J. Ross Quinlan},
  title     = {Learning Logical Definitions from Relations},
  journal   = {Machine Learning},
  volume    = {5},
  pages     = {239--266},
  year      = {1990},
  url       = {https://doi.org/10.1007/BF00117105},
  doi       = {10.1007/BF00117105},
  timestamp = {Sun, 28 May 2017 13:18:23 +0200},
  biburl    = {https://dblp.org/rec/bib/journals/ml/Quinlan90},
  bibsource = {dblp computer science bibliography, https://dblp.org}
}

@inproceedings{mousheimish2017automatic,
  title={Automatic learning of predictive cep rules: bridging the gap between data mining and complex event processing},
  author={Mousheimish, Raef and Taher, Yehia and Zeitouni, Karine},
  booktitle={Proceedings of the 11th ACM International Conference on Distributed and Event-based Systems},
  pages={158--169},
  year={2017},
  organization={ACM}
}

@book{DBLP:books/daglib/0016248,
  author    = {Nicol{\`{o}} Cesa{-}Bianchi and
               G{\'{a}}bor Lugosi},
  title     = {Prediction, learning, and games},
  publisher = {Cambridge University Press},
  year      = {2006},
  isbn      = {978-0-521-84108-5},
  timestamp = {Wed, 23 Mar 2011 16:58:38 +0100},
  biburl    = {https://dblp.org/rec/bib/books/daglib/0016248},
  bibsource = {dblp computer science bibliography, https://dblp.org}
}

@inproceedings{DBLP:conf/stoc/FreundSSW97,
  author    = {Yoav Freund and
               Robert E. Schapire and
               Yoram Singer and
               Manfred K. Warmuth},
  title     = {Using and Combining Predictors That Specialize},
  booktitle = { {ACM} Symposium on the Theory
               of Computing},
  pages     = {334--343},
  year      = {1997},
  crossref  = {DBLP:conf/stoc/1997},
  url       = {https://doi.org/10.1145/258533.258616},
  doi       = {10.1145/258533.258616},
  timestamp = {Tue, 06 Nov 2018 11:07:04 +0100},
  biburl    = {https://dblp.org/rec/bib/conf/stoc/FreundSSW97},
  bibsource = {dblp computer science bibliography, https://dblp.org}
}

@article{DBLP:journals/jmlr/BlumM07,
  author    = {Avrim Blum and
               Yishay Mansour},
  title     = {From External to Internal Regret},
  journal   = {Journal of Machine Learning Research},
  volume    = {8},
  pages     = {1307--1324},
  year      = {2007},
  url       = {http://dl.acm.org/citation.cfm?id=1314543},
  timestamp = {Thu, 15 Dec 2011 15:52:06 +0100},
  biburl    = {https://dblp.org/rec/bib/journals/jmlr/BlumM07},
  bibsource = {dblp computer science bibliography, https://dblp.org}
}

@article{DBLP:journals/iandc/LittlestoneW94,
  author    = {Nick Littlestone and
               Manfred K. Warmuth},
  title     = {The Weighted Majority Algorithm},
  journal   = {Inf. Comput.},
  volume    = {108(2)},
  year      = {1994},
  url       = {https://doi.org/10.1006/inco.1994.1009},
  doi       = {10.1006/inco.1994.1009},
  timestamp = {Wed, 14 Nov 2018 10:35:06 +0100},
  biburl    = {https://dblp.org/rec/bib/journals/iandc/LittlestoneW94},
  bibsource = {dblp computer science bibliography, https://dblp.org}
}

@article{DBLP:journals/toc/AroraHK12,
  author    = {Sanjeev Arora and
               Elad Hazan and
               Satyen Kale},
  title     = {The Multiplicative Weights Update Method: a Meta-Algorithm and Applications},
  journal   = {Theory of Computing},
  volume    = {8},
  number    = {1},
  pages     = {121--164},
  year      = {2012},
  url       = {https://doi.org/10.4086/toc.2012.v008a006},
  doi       = {10.4086/toc.2012.v008a006},
  timestamp = {Wed, 17 May 2017 14:25:15 +0200},
  biburl    = {https://dblp.org/rec/bib/journals/toc/AroraHK12},
  bibsource = {dblp computer science bibliography, https://dblp.org}
}

@inproceedings{DBLP:conf/colt/LuoS15,
  author    = {Haipeng Luo and
               Robert E. Schapire},
  title     = {Achieving All with No Parameters: AdaNormalHedge},
  booktitle = {Proceedings of The 28th Conference on Learning Theory, {COLT} 2015,
               Paris, France, July 3-6, 2015},
  pages     = {1286--1304},
  year      = {2015},
  crossref  = {DBLP:conf/colt/2015},
  url       = {http://jmlr.org/proceedings/papers/v40/Luo15.html},
  timestamp = {Wed, 03 Apr 2019 18:02:03 +0200},
  biburl    = {https://dblp.org/rec/bib/conf/colt/LuoS15},
  bibsource = {dblp computer science bibliography, https://dblp.org}
}

@article{DBLP:journals/tois/CohenS99,
  author    = {William W. Cohen and
               Yoram Singer},
  title     = {Context-Sensitive Learning Methods for Text Categorization},
  journal   = {{ACM} Trans. Inf. Syst.},
  volume    = {17},
  number    = {2},
  pages     = {141--173},
  year      = {1999},
  url       = {https://doi.org/10.1145/306686.306688},
  doi       = {10.1145/306686.306688},
  timestamp = {Tue, 06 Nov 2018 12:51:56 +0100},
  biburl    = {https://dblp.org/rec/bib/journals/tois/CohenS99},
  bibsource = {dblp computer science bibliography, https://dblp.org}
}

@article{blum2016foundations,
  title={Foundations of data science},
  author={Blum, Avrim and Hopcroft, John and Kannan, Ravindran},
  journal={Vorabversion eines Lehrbuchs},
  year={2016}
}

@misc{LoMRF,
	author = {Anastasios Skarlatidis and Evangelos Michelioudakis},
	title = {{Logical Markov Random Fields (LoMRF): an open-source implementation of Markov Logic Networks}},
	url = {https://github.com/anskarl/LoMRF},
	year = {2014}
}

@inproceedings{DBLP:conf/pkdd/KatzourisMAP18,
  author    = {Nikos Katzouris and
               Evangelos Michelioudakis and
               Alexander Artikis and
               Georgios Paliouras},
  title     = {Online Learning of Weighted Relational Rules for Complex Event Recognition},
  booktitle = {{ECML}-{PKDD} 2018},
  pages     = {396--413},
  year      = {2018},
  crossref  = {DBLP:conf/pkdd/2018-2},
  url       = {https://doi.org/10.1007/978-3-030-10928-8\_24},
  doi       = {10.1007/978-3-030-10928-8\_24},
  timestamp = {Wed, 23 Jan 2019 13:42:16 +0100},
  biburl    = {https://dblp.org/rec/bib/conf/pkdd/KatzourisMAP18},
  bibsource = {dblp computer science bibliography, https://dblp.org}
}

@article{DBLP:journals/tplp/KatzourisAP16,
  author    = {Nikos Katzouris and
               Alexander Artikis and
               Georgios Paliouras},
  title     = {Online learning of event definitions},
  journal   = {{TPLP}},
  volume    = {16},
  number    = {5-6},
  pages     = {817--833},
  year      = {2016},
  url       = {https://doi.org/10.1017/S1471068416000260},
  doi       = {10.1017/S1471068416000260},
  timestamp = {Sat, 27 May 2017 14:23:06 +0200},
  biburl    = {https://dblp.org/rec/bib/journals/tplp/KatzourisAP16},
  bibsource = {dblp computer science bibliography, https://dblp.org}
}

@inproceedings{DBLP:conf/kdd/DomingosH00,
  author    = {Pedro M. Domingos and
               Geoff Hulten},
  title     = {Mining high-speed data streams},
  booktitle = {{ACM} {SIGKDD}},
  pages     = {71--80},
  year      = {2000},
  crossref  = {DBLP:conf/kdd/2000},
  url       = {https://doi.org/10.1145/347090.347107},
  doi       = {10.1145/347090.347107},
  timestamp = {Tue, 06 Nov 2018 16:59:35 +0100},
  biburl    = {https://dblp.org/rec/bib/conf/kdd/DomingosH00},
  bibsource = {dblp computer science bibliography, https://dblp.org}
}

@book{bifet2018machine,
  title={Machine learning for data streams: with practical examples in MOA},
  author={Bifet, Albert and Gavald{\`a}, Ricard and Holmes, Geoff and Pfahringer, Bernhard},
  year={2018},
  publisher={MIT Press}
}

@article{artikis2010behaviour,
  title={Behaviour recognition from video content: a logic programming approach},
  author={Artikis, Alexander and Skarlatidis, Anastasios and Paliouras, Georgios},
  journal={International Journal on Artificial Intelligence Tools},
  volume={19},
  number={02},
  pages={193--209},
  year={2010},
  publisher={World Scientific}
}

@article{duchi2011adaptive,
  title={Adaptive subgradient methods for online learning and stochastic optimization},
  author={Duchi, J. and Hazan, E. and Singer, Y.},
  journal={Journal of Machine Learning Research},
  volume={12},
  number={Jul},
  pages={2121--2159},
  year={2011}
}

@article{shalev2012online,
  title={Online learning and online convex optimization},
  author={Shalev-Shwartz, Shai and others},
  journal={Foundations and Trends{\textregistered} in Machine Learning},
  volume={4},
  number={2},
  pages={107--194},
  year={2012},
  publisher={Now Publishers, Inc.}
}

@article{raedt2016statistical,
  title={Statistical relational artificial intelligence: Logic, probability, and computation},
  author={De Raedt, L. and Kersting, K. and Natarajan, S. and Poole, D.},
  journal={Synthesis Lectures on Artificial Intelligence and Machine Learning},
  volume={10},
  number={2},
  pages={1--189},
  year={2016},
  publisher={Morgan \& Claypool Publishers}
}

@article{DBLP:journals/corr/AlevizosSAP17,
  author    = {Elias Alevizos and
               Anastasios Skarlatidis and
               Alexander Artikis and
               Georgios Paliouras},
  title     = {Probabilistic Complex Event Recognition: {A} Survey},
  journal   = {{ACM} Comput. Surv.},
  volume    = {50},
  number    = {5},
  pages     = {71:1--71:31},
  year      = {2017},
  url       = {https://doi.org/10.1145/3117809},
  doi       = {10.1145/3117809},
  timestamp = {Tue, 06 Nov 2018 12:50:48 +0100},
  biburl    = {https://dblp.org/rec/bib/journals/csur/AlevizosSAP17},
  bibsource = {dblp computer science bibliography, https://dblp.org}
}

@inproceedings{michelioudakis2016mathtt,
  title={OSLA: Online Structure Learning Using Background Knowledge Axiomatization},
  author={Michelioudakis, E. and Skarlatidis, A. and Paliouras, G. and Artikis, A.},
  booktitle={ECML},
  pages={232--247},
  year={2016},
  organization={Springer}
}

@book{mueller2014commonsense,
  title={Commonsense reasoning: an event calculus based approach},
  author={Mueller, Erik T},
  year={2014},
  publisher={Morgan Kaufmann}
}

@inproceedings{margara2014learning,
  title={Learning from the past: automated rule generation for complex event processing},
  author={Margara, A. and Cugola, G. and Tamburrelli, G.},
  booktitle={{ACM} {DEBS}-2014},
  pages={47--58},
  year={2014}
}

@article{katzourisPhd,
  title={Scalable Relational Learning for Event Recognition},
  author={Katzouris, N.},
  journal={PhD Thesis, University of Athens},
  volume = {http://users.iit.demokritos.gr/~nkatz/papers/nkatz-phd.pdf},
  year={2017}
}

@inproceedings{dries2009towards,
  title={Towards clausal discovery for stream mining},
  author={Dries, A. and De Raedt, L.},
  booktitle={{ILP}-2009},
  pages={9--16},
  year={2009},
  organization={Springer}
}

@article{littlestone1988learning,
  title={Learning quickly when irrelevant attributes abound: A new linear-threshold algorithm},
  author={Littlestone, N.},
  journal={Machine learning},
  volume={2},
  number={4},
  pages={285--318},
  year={1988},
  publisher={Springer}
}

@article{srinivasan2017empirical,
  title={An empirical study of on-line models for relational data streams},
  author={Srinivasan, A. and Bain, M.},
  journal={Machine Learning},
  volume={106},
  number={2},
  pages={243--276},
  year={2017},
  publisher={Springer}
}

@inproceedings{DBLP:conf/icml/KolterM05,
  author    = {Jeremy Z. Kolter and
               Marcus A. Maloof},
  title     = {Using additive expert ensembles to cope with concept drift},
  booktitle = {{(ICML}-2005)},
  pages     = {449--456},
  year      = {2005},
  crossref  = {DBLP:conf/icml/2005},
  url       = {https://doi.org/10.1145/1102351.1102408},
  doi       = {10.1145/1102351.1102408},
  timestamp = {Tue, 06 Nov 2018 16:58:29 +0100},
  biburl    = {https://dblp.org/rec/bib/conf/icml/KolterM05},
  bibsource = {dblp computer science bibliography, https://dblp.org}
}

@inproceedings{DBLP:conf/icml/EbanBSG12,
  author    = {Elad Eban and
               Aharon Birnbaum and
               Shai Shalev{-}Shwartz and
               Amir Globerson},
  title     = {Learning the Experts for Online Sequence Prediction},
  booktitle = {{ICML}-2012},
  year      = {2012},
  crossref  = {DBLP:conf/icml/2012},
  url       = {http://icml.cc/2012/papers/471.pdf},
  timestamp = {Wed, 03 Apr 2019 17:43:36 +0200},
  biburl    = {https://dblp.org/rec/bib/conf/icml/EbanBSG12},
  bibsource = {dblp computer science bibliography, https://dblp.org}
}













@ARTICLE{IE_and_progol,
  author = {S. Muggleton},
  title = {Inverse entailment and Progol},
  journal = {New Generation Computing},
  year = {1995},
  volume = {13(3\&4)},
  pages = {245-286},
  owner = {nikos},
  timestamp = {2010.09.23}
}

@ARTICLE{aleph,
  author = {A. Srinivasan},
  title = {The Aleph Manual},
  journal = {http://web.comlab.ox.ac.uk/oucl/research/areas/machlearn/Aleph/},
  year = {2000},
  owner = {nikos},
  timestamp = {2012.07.14}
}





@article{dhurandhar2012distribution,
  title={Distribution-free bounds for relational classification},
  author={Dhurandhar, Amit and Dobra, Alin},
  journal={Knowledge and information systems},
  volume={31},
  number={1},
  pages={55--78},
  year={2012},
  publisher={Springer}
}

@article{menezeshtilde,
  title={HTILDE-RT: Scaling up relational regression trees for very large datasets},
  author={Menezes, Glauber and Zaverucha, Gerson}
}

@inproceedings{domingos2000mining,
  title={Mining high-speed data streams},
  author={Domingos, Pedro and Hulten, Geoff},
  booktitle={Proceedings of the sixth ACM SIGKDD international conference on Knowledge discovery and data mining},
  pages={71--80},
  year={2000},
  organization={ACM}
}

@article{cugola2012processing,
  title={Processing flows of information: From data stream to complex event processing},
  author={Cugola, Gianpaolo and Margara, Alessandro},
  journal={ACM Computing Surveys (CSUR)},
  volume={44},
  number={3},
  pages={15},
  year={2012},
  publisher={ACM}
}

@book{etzion2010event,
  title={Event processing in action},
  author={Etzion, Opher and Niblett, Peter},
  year={2010},
  publisher={Manning Publications Co.}
}

@article{kowalski1986logic,
  title={A logic-based calculus of events},
  author={Kowalski, Robert and Sergot, Marek},
  journal={New Generation Computing},
  year={1986},
  publisher={Springer}
}

@inproceedings{DBLP:conf/pkdd/HuynhM09,
  author    = {Tuyen N. Huynh and
               Raymond J. Mooney},
  title     = {Max-Margin Weight Learning for Markov Logic Networks},
  booktitle = {Machine Learning and Knowledge Discovery in Databases,
               {ECML} {PKDD}},
  year      = {2009}
}

@article{artikis2012logic,
  title={Logic-based event recognition},
  author={Artikis, Alexander and Skarlatidis, Anastasios and Portet, Fran{\c{c}}ois and Paliouras, Georgios},
  journal={The Knowledge Engineering Review},
  volume={27},
  number={04},
  pages={469--506},
  year={2012},
  publisher={Cambridge Univ Press}
}

@article{artikis2015event,
  title={An event calculus for event recognition},
  author={Artikis, Alexander and Sergot, Marek and Paliouras, Georgios},
  journal={Knowledge and Data Engineering, IEEE Transactions on},
  volume={27},
  number={4},
  pages={895--908},
  year={2015},
  publisher={IEEE}
}

@article{skarlatidis2015probabilistic,
  title={Probabilistic event calculus for event recognition},
  author={Skarlatidis, Anastasios and Paliouras, Georgios and Artikis, Alexander and Vouros, George A},
  journal={ACM Transactions on Computational Logic (TOCL)},
  volume={16},
  number={2},
  pages={11},
  year={2015},
  publisher={ACM}
}

@article{DBLP:journals/tplp/LeeTW17,
  author    = {Joohyung Lee and
               Samidh Talsania and
               Yi Wang},
  title     = {Computing {LPMLN} using {ASP} and {MLN} solvers},
  journal   = {Theory Pract. Log. Program.},
  volume    = {17},
  number    = {5-6},
  pages     = {942--960},
  year      = {2017},
  url       = {https://doi.org/10.1017/S1471068417000400},
  doi       = {10.1017/S1471068417000400},
  timestamp = {Thu, 13 Feb 2020 14:39:34 +0100},
  biburl    = {https://dblp.org/rec/journals/tplp/LeeTW17.bib},
  bibsource = {dblp computer science bibliography, https://dblp.org}
}

@inproceedings{DBLP:conf/iclp/LeeMW15,
  author    = {Joohyung Lee and
               Yunsong Meng and
               Yi Wang},
  title     = {Markov Logic Style Weighted Rules under the Stable Model Semantics},
  booktitle = {Proceedings of the Technical Communications of the 31st International
               Conference on Logic Programming {(ICLP} 2015)},
  series    = {{CEUR} Workshop Proceedings},
  volume    = {1433},
  publisher = {CEUR-WS.org},
  year      = {2015}
}

@inproceedings{DBLP:conf/kr/LeeW16,
  author    = {Joohyung Lee and
               Yi Wang},
  title     = {Weighted Rules under the Stable Model Semantics},
  booktitle = {Principles of Knowledge Representation and Reasoning: Proceedings
               of the Fifteenth International Conference, {KR}},
  pages     = {145--154},
  publisher = {{AAAI} Press},
  year      = {2016}
}

@article{katzouris2015incremental,
  title={Incremental learning of event definitions with inductive logic programming},
  author={Katzouris, Nikos and Artikis, Alexander and Paliouras, Georgios},
  journal={Machine Learning},
  volume={100},
  number={2-3},
  pages={555--585},
  year={2015},
  publisher={Springer}
}

@book{de2008logical,
  title={Logical and relational learning},
  author={De Raedt, Luc},
  year={2008},
  publisher={Springer Science \& Business Media}
}

@article{hoeffding1963probability,
  title={Probability inequalities for sums of bounded random variables},
  author={Hoeffding, Wassily},
  journal={Journal of the American statistical association},
  volume={58},
  number={301},
  pages={13--30},
  year={1963},
  publisher={Taylor \& Francis Group}
}

@inproceedings{gama2011learning,
  title={Learning decision rules from data streams},
  author={Gama, Jo{\~a}o and Kosina, Petr and others},
  booktitle={IJCAI Proceedings-International Joint Conference on Artificial Intelligence},
  volume={22},
  number={1},
  pages={1255},
  year={2011},
  organization={Citeseer}
}

@inproceedings{hulten2003mining,
  title={Mining massive relational databases},
  author={Hulten, Geoff and Domingos, Pedro and Abe, Yeuhi},
  booktitle={Proceedings of the IJCAI-2003 workshop on learning statistical models from relational data},
  pages={53--60},
  year={2003}
}

@inproceedings{lopes2009htilde,
  title={Htilde: scaling up relational decision trees for very large databases},
  author={Lopes, Carina and Zaverucha, Gerson},
  booktitle={Proceedings of the 2009 ACM symposium on Applied Computing},
  pages={1475--1479},
  year={2009},
  organization={ACM}
}



@article{ray2009nonmonotonic,
  title={Nonmonotonic abductive inductive learning},
  author={Ray, Oliver},
  journal={Journal of Applied Logic},
  volume={7},
  number={3},
  pages={329--340},
  year={2009},
  publisher={Elsevier}
}

@book{lloyd2012foundations,
  title={Foundations of logic programming},
  author={Lloyd, John W},
  year={2012},
  publisher={Springer Science \& Business Media}
}

@book{gama2010knowledge,
  title={Knowledge discovery from data streams},
  author={Gama, Joao},
  year={2010},
  publisher={CRC Press}
}

@article{mueller2008event,
  title={Event calculus},
  author={Mueller, Erik T},
  journal={Handbook of knowledge representation},
  volume={3},
  pages={671--708},
  year={2008},
  publisher={Citeseer}
}

@article{blockeel1999scaling,
  title={Scaling up inductive logic programming by learning from interpretations},
  author={Blockeel, Hendrik and De Raedt, Luc and Jacobs, Nico and Demoen, Bart},
  journal={Data Mining and Knowledge Discovery},
  volume={3},
  number={1},
  pages={59--93},
  year={1999},
  publisher={Springer}
}

@article{gebser2012answer,
  title={Answer set solving in practice},
  author={Gebser, Martin and Kaminski, Roland and Kaufmann, Benjamin and Schaub, Torsten},
  journal={Synthesis Lectures on Artificial Intelligence and Machine Learning},
  volume={6},
  number={3},
  pages={1--238},
  year={2012},
  publisher={Morgan \& Claypool Publishers}
}

@article{muggleton1995inverse,
  title={Inverse entailment and Progol},
  author={Muggleton, Stephen},
  journal={New generation computing},
  volume={13},
  number={3-4},
  pages={245--286},
  year={1995},
  publisher={Springer}
}

@incollection{yang2011moderated,
  title={Moderated VFDT in stream mining using adaptive tie threshold and incremental pruning},
  author={Yang, Hang and Fong, Simon},
  booktitle={Data Warehousing and Knowledge Discovery},
  pages={471--483},
  year={2011},
  publisher={Springer}
}


@book{furnkranz2012foundations,
  title={Foundations of rule learning},
  author={F{\"u}rnkranz, Johannes and Gamberger, Dragan and Lavra{\v{c}}, Nada},
  year={2012},
  publisher={Springer Science \& Business Media}
}

@incollection{jensen2002autocorrelation,
  title={Autocorrelation and linkage cause bias in evaluation of relational learners},
  author={Jensen, David and Neville, Jennifer},
  booktitle={Inductive Logic Programming},
  pages={101--116},
  year={2002},
  publisher={Springer}
}

@article{blockeel1998top,
  title={Top-down induction of first-order logical decision trees},
  author={Blockeel, Hendrik and De Raedt, Luc},
  journal={Artificial intelligence},
  volume={101},
  number={1},
  pages={285--297},
  year={1998},
  publisher={Elsevier}
}

@article{de1997logical,
  title={Logical settings for concept-learning},
  author={De Raedt, Luc},
  journal={Artificial Intelligence},
  volume={95},
  number={1},
  pages={187--201},
  year={1997},
  publisher={Elsevier}
}

@incollection{denecker2002abduction,
  title={Abduction in logic programming},
  author={Denecker, Marc and Kakas, Antonis},
  booktitle={Computational logic: Logic programming and beyond},
  pages={402--436},
  year={2002},
  publisher={Springer}
}

@article{DBLP:journals/ml/GuimaraesPZ19,
  author    = {Victor Guimar{\~{a}}es and
               Aline Paes and
               Gerson Zaverucha},
  title     = {Online probabilistic theory revision from examples with ProPPR},
  journal   = {Mach. Learn.},
  volume    = {108},
  number    = {7},
  pages     = {1165--1189},
  year      = {2019},
  url       = {https://doi.org/10.1007/s10994-019-05798-y},
  doi       = {10.1007/s10994-019-05798-y},
  timestamp = {Mon, 02 Mar 2020 16:29:53 +0100},
  biburl    = {https://dblp.org/rec/journals/ml/GuimaraesPZ19.bib},
  bibsource = {dblp computer science bibliography, https://dblp.org}
}

@book{DBLP:series/synthesis/2012Gebser,
  author    = {Martin Gebser and
               Roland Kaminski and
               Benjamin Kaufmann and
               Torsten Schaub},
  title     = {Answer Set Solving in Practice},
  series    = {Synthesis Lectures on Artificial Intelligence and Machine Learning},
  publisher = {Morgan {\&} Claypool Publishers},
  year      = {2012},
  url       = {https://doi.org/10.2200/S00457ED1V01Y201211AIM019},
  doi       = {10.2200/S00457ED1V01Y201211AIM019},
  timestamp = {Tue, 16 May 2017 14:24:20 +0200},
  biburl    = {https://dblp.org/rec/series/synthesis/2012Gebser.bib},
  bibsource = {dblp computer science bibliography, https://dblp.org}
}

@incollection{athakravi2013learning,
  title={Learning through hypothesis refinement using answer set programming},
  author={Athakravi, Duangtida and Corapi, Domenico and Broda, Krysia and Russo, Alessandra},
  booktitle={Inductive Logic Programming},
  pages={31--46},
  year={2013},
  publisher={Springer}
}

@incollection{huynh2009max,
  title={Max-margin weight learning for Markov logic networks},
  author={Huynh, Tuyen N and Mooney, Raymond J},
  booktitle={{ECML}-2009},
  pages={564--579},
  year={2009},
  publisher={Springer}
}

@inproceedings{huynh2011online,
  title={Online Max-Margin Weight Learning for Markov Logic Networks.},
  author={Huynh, Tuyen N and Mooney, Raymond J},
  booktitle={SDM},
  pages={642--651},
  year={2011},
  organization={SIAM}
}

@incollection{huynh2011onlineStructure,
  title={Online structure learning for markov logic networks},
  author={Huynh, Tuyen N and Mooney, Raymond J},
  booktitle={Machine Learning and Knowledge Discovery in Databases},
  pages={81--96},
  year={2011},
  publisher={Springer}
}


@article{duchi2011adaptive,
  title={Adaptive subgradient methods for online learning and stochastic optimization},
  author={Duchi, John and Hazan, Elad and Singer, Yoram},
  journal={The Journal of Machine Learning Research},
  volume={12},
  pages={2121--2159},
  year={2011},
  publisher={JMLR. org}
}

@article{ilasp,
  title={Inductive Learning of Answer Set Programs from Noisy Examples},
  author={Law, Mark  and Russo, Alessandra and Broda, Krysia},
  journal={Advances in Cognitive Systems},
  year={2018}
}

@MastersThesis{vagmcs2016master,
	title = {{Online Structure Learning for Markov Logic Networks using Background Knowledge Axiomatization}},
	author = {Evangelos Michelioudakis},
	school = {School of Electronic and Computer Engineering, Technical University of Crete},
	month = {April},
	year = {2016}
}




@book{gama2007learning,
  title={Learning from data streams},
  author={Gama, Joao and Gaber, Mohamed Medhat},
  year={2007},
  publisher={Springer}
}

@inproceedings{hulten2001mining,
  title={Mining time-changing data streams},
  author={Hulten, Geoff and Spencer, Laurie and Domingos, Pedro},
  booktitle={Proceedings of the seventh ACM SIGKDD international conference on Knowledge discovery and data mining},
  pages={97--106},
  year={2001},
  organization={ACM}
}

@article{richardson2006markov,
  title={Markov logic networks},
  author={Richardson, M. and Domingos, P.},
  journal={Machine learning},
  volume={62},
  number={1-2},
  pages={107--136},
  year={2006},
  publisher={Springer}
}

@incollection{kosina2012handling,
  title={Handling time changing data with adaptive very fast decision rules},
  author={Kosina, Petr and Gama, Joao},
  booktitle={Machine Learning and Knowledge Discovery in Databases},
  pages={827--842},
  year={2012},
  publisher={Springer}
}

@incollection{duboc2008using,
  title={Using the bottom clause and mode declarations on FOL theory revision from examples},
  author={Duboc, Ana Lu{\'\i}sa and Paes, Aline and Zaverucha, Gerson},
  booktitle={Inductive Logic Programming},
  pages={91--106},
  year={2008},
  publisher={Springer}
}

@inproceedings{domingos2001general,
  title={A general method for scaling up machine learning algorithms and its application to clustering},
  author={Domingos, Pedro and Hulten, Geoff},
  booktitle={ICML},
  volume={1},
  pages={106--113},
  year={2001}
}

@inproceedings{jensen1999statistical,
  title={Statistical challenges to inductive inference in linked data.},
  author={Jensen, David},
  booktitle={AISTATS},
  year={1999}
}

@article{esposito2000multistrategy,
  title={Multistrategy theory revision: Induction and abduction in inthelex},
  author={Esposito, Floriana and Semeraro, Giovanni and Fanizzi, Nicola and Ferilli, Stefano},
  journal={Machine Learning},
  volume={38},
  number={1-2},
  pages={133--156},
  year={2000},
  publisher={Springer}
}

@article{richards1995automated,
  title={Automated refinement of first-order Horn-clause domain theories},
  author={Richards, Bradley L and Mooney, Raymond J},
  journal={Machine Learning},
  volume={19},
  number={2},
  pages={95--131},
  year={1995},
  publisher={Springer}
}
